@misc{Frauenhof_Spektroskopie,
		author  = {Frauenhofer-Institut für Angewandte Polymerforschung IAP},
        title   = {Spektrometrie},
        note    = {gelesen: 13. Juli 2024, 08:48 Uhr},
        url     = {https://www.iap.fraunhofer.de/de/Analytik/spektrometrie.html}
	}

@article{Citricacid_UV,
		author  = {Sylwester Krukowski, Mateusz Karasiewicz, Waclaw Kolodziejski},
        title   = {Convenient UV-spectrophotometric determination of citrates in aqueous solutions with applications in the pharmaceutical analysis of oral electrolyte formulations},
        DOI     = {https://doi.org/10.1016/j.jfda.2017.01.009},
        year = {2016},
	}

@article{infrared_d2o_h2o,
		author  = {Sergei Yu. Venyaminov2,3 and Franklyn G. Prendergast},
        title   = {Water (H$_2$O and D$_2$O) Molar Absorptivity in the 1000–4000 cm$^{-1}$ Range and Quantitative Infrared Spectroscopy
                    of Aqueous Solutions},
        DOI     = {https://doi.org/10.1006/abio.1997.2136},
        year = {1997},
	}

@misc{ATR_MT,
		author  = {Mettler Toledo},
        title   = {Abgeschwächte Totalrefexion ATR},
        note    = {gelesen: 17. Juli 2024, 19:48 Uhr},
        url     = {https://www.mt.com/de/de/home/applications/L1\_AutoChem\_Applications/ftir-spectroscopy/attenuated-total-reflectance-atr.html}
	}

@misc{ATR_wiki,
        title   = {ATR-Infrarotspektroskopie},
        note    = {gelesen: 17. Juli 2024, 19:48 Uhr},
        url     = {https://de.wikipedia.org/wiki/ATR-Infrarotspektroskopie}
	}



    